@article{isomap, title={A Global Geometric Framework for Nonlinear Dimensionality Reduction}, volume={290}, journal={Science}, author={Tenenbaum, Joshua B. and others}, year={2000}, pages={2319 - 2323}}

@article{lpp, title={Locality Preserving Projections}, volume={16}, journal={Advances in Neural Information Processing Systems}, author={He, Xiaofei and Niyogi, Partha}, year={2003}, pages={153 - 160}}

@article{le, title={Laplacian Eigenmaps for Dimensionality Reduction and Data Representation}, volume={15}, journal={Neural Computation}, author={Belkin, Mikhail and Niyoji, Partha}, year={2003}, pages={1373 - 1396}}

@article{fiedler_1973, title={Algebraic Connectivity of Graphs}, volume={23}, number={2}, journal={Czechoslovak Mathematical Journal}, author={Fiedler, Miroslav}, year={1973}, pages={298 â€“ 305}}

@article {isomap_stability,
	author = {Balasubramanian, Mukund and Schwartz, Eric L.},
	title = {The Isomap Algorithm and Topological Stability},
	volume = {295},
	issue = {5552},
	pages = {7},
	year = {2002},
	doi = {10.1126/science.295.5552.7a},
	publisher = {American Association for the Advancement of Science},
	issn = {0036-8075},
	URL = {http://science.sciencemag.org/content/295/5552/7},
	eprint = {http://science.sciencemag.org/content/295/5552/7.full.pdf},
	journal = {Science}
}

@book{stats_1, place={New York, NY}, edition={2}, title={The Elements of Statistical Learning: Data Mining, Inference, and Prediction}, publisher={Springer Science Business Media, LLC}, author={Hastie, Trevor and others}, year={2009}}

@book{engineering-mathematics,
	place={Basingstoke},
	edition={5},
	title={Engineering Mathematics},
	publisher={Palgrave},
	year={2001},
	author={Stroud, K. A.}
}

@INPROCEEDINGS{fiedler_networks, 
author={H. Gruhn and P. Persson}, 
booktitle={2014 13th Annual Mediterranean Ad Hoc Networking Workshop (MED-HOC-NET)}, 
title={Towards a robust algorithm for distributed monitoring of network topology changes}, 
year={2014}, 
pages={1-7}, 
keywords={graph theory;telecommunication network topology;wireless sensor networks;Fiedler vector;distributed monitoring;dynamic sensor networks;network topology changes;robust algorithm;topology inference;Eigenvalues and eigenfunctions;Heuristic algorithms;Laplace equations;Monitoring;Network topology;Topology;Vectors}, 
doi={10.1109/MedHocNet.2014.6849098}, 
month={June},}

@inproceedings{fiedler_networks2,
  title={A network approach for power grid robustness against cascading failures},
  author={Wang, Xiangrong and Ko{\c{c}}, Yakup and Kooij, Robert E and Van Mieghem, Piet},
  booktitle={Reliable Networks Design and Modeling (RNDM), 2015 7th International Workshop on},
  pages={208 - 214},
  year={2015},
  organization={IEEE}
}

@INPROCEEDINGS{extended_isomap, 
author={Ming-Hsuan Yang}, 
booktitle={Proceedings. International Conference on Image Processing}, 
title={Face recognition using extended isomap}, 
year={2002}, 
volume={2}, 
pages={II-117-II-120 vol.2}, 
keywords={differential geometry;face recognition;image reconstruction;pattern classification;principal component analysis;Fisher linear discriminant;extended isomap method;face recognition;geodesic distance estimation;image data sets;linear manifolds;multidimensional scaling;pattern classification;principal component analysis;reconstruction principle;Data visualization;Euclidean distance;Face recognition;Geometry;Geophysics computing;Image reconstruction;Multidimensional systems;Pattern classification;Pattern recognition;Principal component analysis}, 
doi={10.1109/ICIP.2002.1039901}, 
ISSN={1522-4880}, 
month={9}}

@article{discriminant_lpp,
title = "Face recognition using discriminant locality preserving projections",
journal = "Image and Vision Computing ",
volume = "24",
number = "3",
pages = "239 - 248",
year = "2006",
note = "",
issn = "0262-8856",
doi = "http://doi.org/10.1016/j.imavis.2005.11.006",
url = "http://www.sciencedirect.com/science/article/pii/S0262885605002039",
author = "Weiwei Yu and Xiaolong Teng and Chongqing Liu",
keywords = "Face recognition",
keywords = "Difference model",
keywords = "Locality preserving projections",
keywords = "Discriminant locality preserving projections "
}

@inbook{image_analysis_york,
author={Dickens, Matthew P. and Smith, William A. P. and Wu, Jing and Hancock, Edwin R.},
title={Face Recognition Using Principal Geodesic Analysis and Manifold Learning},
booktitle={Pattern Recognition and Image Analysis: Third Iberian Conference, IbPRIA 2007, Girona, Spain, June 6-8, 2007, Proceedings, Part I},
year={2007},
month={6},
publisher={Springer},
address={Berlin, Heidelberg},
pages={426 - 434},
isbn={978-3-540-72847-4}
}

@INPROCEEDINGS{out-of-sample-extensions,
    author = {Yoshua Bengio and Jean-Francois Paiement and Pascal Vincent},
    title = {Out-of-Sample Extensions for LLE, Isomap, MDS, Eigenmaps, and Spectral Clustering},
    booktitle = {In Advances in Neural Information Processing Systems},
    year = {2003},
    pages = {177--184},
    publisher = {MIT Press}
}

@inproceedings{mds-1,
  title={On a connection between kernel PCA and metric multidimensional scaling},
  author={Williams, Christopher KI},
  booktitle={Advances in neural information processing systems},
  pages={675--681},
  year={2001}
}

@ARTICLE{eigenfaces, 
author={Xiaofei He and others}, 
journal={IEEE Transactions on Pattern Analysis and Machine Intelligence}, 
title={Face recognition using Laplacianfaces}, 
year={2005}, 
volume={27}, 
number={3}, 
pages={328-340}, 
doi={10.1109/TPAMI.2005.55}, 
ISSN={0162-8828}, 
month={March},}